@article{silver2014deterministic,
  title={Deterministic Policy Gradient Algorithms},
  author={Silver, David and Lever, Guy and Hees, Nicolas and Degris, Thomas and Wierstra, Daan and Riedmiller, Martin},
  journal={International Conference on Machine Learning},
  year={2014}
}

@article{lillicrap2016continuous,
  title={Continuous Control With Deep Reinforcement Learning},
  author={Lillicrap, Timothy and Hunt, Jonathan and Pritzel, Alexander and Hees, Nicolas and Erez, Tom and Tassa, Yuval and Silver, David and Wierstra, Daan},
  journal={arXiv preprint arXiv:1509.02971},
  year={2016}
}

@article{lowe2017multi,
  title={Multi-Agent Actor-Critic for Mixed Cooperative-Competitive Environments},
  author={Lowe, Ryan and Wu, Yi and Tamar, Aviv and Harb, Jean and Abbeel, Pieter and Mordatch, Igor},
  journal={arXiv preprint arXiv:1706.02275},
  year={2017}
}

@inproceedings{nachmani2016learning,
  title={Learning to decode linear codes using deep learning},
  author={Nachmani, Eliya and Be'ery, Yair and Burshtein, David},
  booktitle={Communication, Control, and Computing (Allerton), 2016 54th Annual Allerton Conference on},
  pages={341--346},
  year={2016},
  organization={IEEE}
}

@article{nachmani2017rnn,
  title={RNN Decoding of Linear Block Codes},
  author={Nachmani, Eliya and Marciano, Elad and Burshtein, David and Be'ery, Yair},
  journal={arXiv preprint arXiv:1702.07560},
  year={2017}
}

@article{abadi2016learning,
  title={Learning to protect communications with adversarial neural cryptography},
  author={Abadi, Mart{\'\i}n and Andersen, David G},
  journal={arXiv preprint arXiv:1610.06918},
  year={2016}
}

@article{salimans2017evolution,
  title={Evolution strategies as a scalable alternative to reinforcement learning},
  author={Salimans, Tim and Ho, Jonathan and Chen, Xi and Sutskever, Ilya},
  journal={arXiv preprint arXiv:1703.03864},
  year={2017}
}

@article{sumo,
  title={SUMO (Simulation of Urban Mobility)},
  author={Institute of Transportation Systems} 
}

@article{araghi2015traffic,
  title={Evolution strategies as a scalable alternative to reinforcement learning},
  author={Araghi and Khosravi and Creighton},
  journal={Expert Systems with Applications},
  year={2015}
}

@article{man1996genetic,
  title={Genetic algorithms: concepts and applications [in engineering design]},
  author={Man, Kim-Fung and Tang, Kit-Sang and Kwong, Sam},
  journal={IEEE transactions on Industrial Electronics},
  volume={43},
  number={5},
  pages={519--534},
  year={1996},
  publisher={IEEE}
}

@article{hochreiter1997long,
  title={Long short-term memory},
  author={Hochreiter, Sepp and Schmidhuber, J{\"u}rgen},
  journal={Neural computation},
  volume={9},
  number={8},
  pages={1735--1780},
  year={1997},
  publisher={MIT Press}
}

@inproceedings{cui2014exploiting,
  title={Exploiting Bounded Staleness to Speed Up Big Data Analytics.},
  author={Cui, Henggang and Cipar, James and Ho, Qirong and Kim, Jin Kyu and Lee, Seunghak and Kumar, Abhimanu and Wei, Jinliang and Dai, Wei and Ganger, Gregory R and Gibbons, Phillip B and others},
  year={2014}
}

@article{nair2015massively,
  title={Massively parallel methods for deep reinforcement learning},
  author={Nair, Arun and Srinivasan, Praveen and Blackwell, Sam and Alcicek, Cagdas and Fearon, Rory and De Maria, Alessandro and Panneershelvam, Vedavyas and Suleyman, Mustafa and Beattie, Charles and Petersen, Stig and others},
  journal={arXiv preprint arXiv:1507.04296},
  year={2015}
}
